 @inproceedings{muller,
  title={Particle-based fluid simulation for interactive applications},
  author={M{\"u}ller, Matthias and Charypar, David and Gross, Markus},
  booktitle={Proceedings of the 2003 ACM SIGGRAPH/Eurographics symposium on Computer animation},
  year={2003},
  organization={Citeseer}
}

 @article{koschier,
  title={Smoothed particle hydrodynamics techniques for the physics based simulation of fluids and solids},
  author={Koschier, Dan and Bender, Jan and Solenthaler, Barbara and Teschner, Matthias},
  journal={arXiv preprint arXiv:2009.06944},
  year={2019}
}
